@book{shavitt, 
    place={Cambridge}, 
    series={Cambridge Molecular Science}, 
    title={Many-Body Methods in Chemistry and Physics: MBPT and Coupled-Cluster Theory},
    DOI={10.1017/CBO9780511596834}, 
    publisher={Cambridge University Press}, 
    author={Shavitt, Isaiah and Bartlett, Rodney J.}, 
    year={2009}, 
    collection={Cambridge Molecular Science}
}

@misc{project1description,
    title = {Project 1 - Many-body physics FYS4480},
    author = {Morten Hjorth-Jensen},
    place = {Oslo, Norway},
    year = {2018},
    howpublished = {\url{https://github.com/ManyBodyPhysics/FYS4480/blob/master/doc/Projects/2018/Project1/pdf/Project1.pdf}}
}

@misc{project1stian,
    title = {FYS4480 - Project 1},
    author = {Stian Bilek},
    place = {Oslo, Norway},
    year = {2018},
    howpublished = {\url{https://github.com/stiandb/ManyBodyFys4480/blob/master/PDF/project1stiandb.pdf}}
}

@misc{project1even,
    title = {FYS4480 - Quantum Mechanics for Many-Body Systems - Project 1},
    author = {Even M. Nordhagen},
    place = {Oslo, Norway},
    year = {2018},
    howpublished = {\url{https://github.com/evenmn/FYS4480/blob/master/doc/Project1/text/main.pdf}}
}

@inbook{crawford,
    author = {Daniel Crawford, T and F. Schaefer III, Henry},
    year = {2007},
    month = {01},
    pages = {33 - 136},
    title = {An Introduction to Coupled Cluster Theory for Computational Chemists},
    volume = {14},
    isbn = {9780470125915},
    journal = {Rev Comp Chem},
    doi = {10.1002/9780470125915.ch2}
}

@book{kummel,
    author = {Herman KÃ¼mmel},
    year = {2002},
    title  = {A biography of the coupled cluster method},
    volume = {17},
    isbn = {9789810248888},
    journal = {11th International Conference on Recent Progress in Many Body Theories},
    doi = {10.1142/S0217979203020442},
}

@book{paldus,
    author = {Josef Paldus},
    year = {2005},
    title = {The beginnings of coupled-cluster theory: An eyewitness account},
    doi = {10.1016/B978-044451719-7/50050-0},
    publisher = {Elsevier},
    address = {Amsterdam},
    pages = {115 - 147},
    isbn = {9780444517197}
}