@BOOK{GriffQuan,
   title =     {Introduction to quantum mechanics},
   author =    {Griffiths, D.J.},
   publisher = {Pearson PH},
   isbn =      {0131911759},
   year =      {2005},
   edition =   {2nd Edition},
}

@ARTICLE{BootstrapEfron,
    title =         {Bootstrap Methods: Another Look at the Jackknife},
    author =        {Efron, B.},
    doi =           {10.1214/aos/1176344552},
    journal =       {The Annals of Statistics},
    publisher =     {The Institute of Mathematical Statistics},
    howpublished =  {\url{https://doi.org/10.1214/aoms/1177729893}},
    volume =        {7},
    year =          {1979},
} 

@BOOK{hastie01statisticallearning,
	added-at = {2008-05-16T16:17:42.000+0200},
	address = {New York, NY, USA},
	author = {Hastie, Trevor and Tibshirani, Robert and Friedman, Jerome},
	biburl = {https://www.bibsonomy.org/bibtex/2f58afc5c9793fcc8ad8389824e57984c/sb3000},
	interhash = {d585aea274f2b9b228fc1629bc273644},
	intrahash = {f58afc5c9793fcc8ad8389824e57984c},
	keywords = {ml statistics},
	publisher = {Springer New York Inc.},
	series = {Springer Series in Statistics},
	timestamp = {2008-05-16T16:17:43.000+0200},
	title = {The Elements of Statistical Learning},
	year = 2001
}